@article{lieberherr1989assuring,
  title={Assuring good style for object-oriented programs},
  author={Lieberherr, Karl J. and Holland, Ian M.},
  journal={Software, IEEE},
  volume={6},
  number={5},
  pages={38--48},
  year={1989},
  publisher={IEEE}
},
@inproceedings{lieberherr1988object,
  title={Object-oriented programming: An objective sense of style},
  author={Lieberherr, Karl and Holland, Ian and Riel, Arthur},
  booktitle={ACM SIGPLAN Notices},
  volume={23},
  number={11},
  pages={323--334},
  year={1988},
  organization={ACM}
}